@book{java-head-first,
  author    = {Kathy Sierra and Bert Bates},
  title     = {Head First Java, 2nd Edition},
  publisher = {O'Reilly Media},
  year      = {2005},
  note      = {Polskie wydanie: \emph{Java. Rusz głową!}}
}

@book{spring-boot,
  author    = {Craig Walls},
  title     = {Spring Boot: Up and Running},
  publisher = {O'Reilly Media},
  year      = {2021}
}

@book{building-microservices-2e,
  author    = {Sam Newman},
  title     = {Building Microservices, 2nd Edition},
  publisher = {O'Reilly Media},
  year      = {2021}
}

@book{effective-java-3e,
  author    = {Joshua Bloch},
  title     = {Effective Java, 3rd Edition},
  publisher = {Addison-Wesley / Helion (PL)},
  year      = {2017}
}

@book{spring-security-in-action-2e,
  author    = {Laurentiu Spilca},
  title     = {Spring Security in Action, Second Edition},
  publisher = {Manning Publications},
  year      = {2020}
}

@online{microservices,
  author  = {James Lewis and Martin Fowler},
  title   = {Microservices},
  year    = {2014},
  url     = {https://martinfowler.com/articles/microservices.html},
  urldate = {2025-08-26}
}

@online{in-memory-db,
  title   = {In-Memory Database Architecture Overview},
  year    = {2024},
  url     = {https://www.dataversity.net/in-memory-database-architecture-overview/},
  urldate = {2025-08-26}
}

@online{spring-docs,
  title   = {Spring Boot Reference Documentation},
  url     = {https://docs.spring.io/spring-boot/docs/current/reference/html/},
  urldate = {2025-08-26}
}

@online{hazelcast-docs,
  title   = {Hazelcast Documentation},
  url     = {https://docs.hazelcast.com/},
}

@online{thymeleaf-docs,
  title   = {Thymeleaf Documentation},
  url     = {https://www.thymeleaf.org/documentation.html},
  urldate = {2025-08-26}
}

@online{javascript-docs,
  title   = {JavaScript — MDN Web Docs},
  url     = {https://developer.mozilla.org/en-US/docs/Web/JavaScript},
  urldate = {2025-08-26}
}

@online{bootstrap-docs,
  title   = {Bootstrap Documentation},
  url     = {https://getbootstrap.com/docs/5.3/getting-started/introduction/},
  urldate = {2025-08-26}
}

@online{Bootstrap-docs,
  title   = {Bootstrap Documentation (v4.1)},
  url     = {https://getbootstrap.com/docs/4.1/getting-started/introduction/},
  urldate = {2025-08-26}
}

@online{java-docs,
  title   = {Java SE Documentation},
  url     = {https://docs.oracle.com/en/java/},
  urldate = {2025-08-26}
}

@online{css-docs,
  title   = {CSS — MDN Web Docs},
  url     = {https://developer.mozilla.org/en-US/docs/Web/CSS},
  urldate = {2025-08-26}
}

@online{html-docs,
  title   = {HTML — MDN Web Docs},
  url     = {https://developer.mozilla.org/en-US/docs/Web/HTML},
  urldate = {2025-08-26}
}

@manual{jmeter-docs,
  title   = {Apache JMeter User Manual},
  url     = {https://jmeter.apache.org/usermanual/},
  year    = {2025},
  note    = {Accessed 2025-08-26}
}

@manual{junit-docs,
  title   = {JUnit 5 User Guide},
  url     = {https://junit.org/junit5/docs/current/user-guide/},
  year    = {2025},
  note    = {Accessed 2025-08-26}
}

@manual{maven-docs,
  title   = {Apache Maven Project},
  url     = {https://maven.apache.org/},
  year    = {2025},
  note    = {Accessed 2025-08-26}
}

@online{mockito-docs,
  title   = {Mockito Documentation},
  url     = {https://site.mockito.org/},
  urldate = {2025-08-27}
}

@book{effective-unit-testing,
  author    = {Lasse Koskela},
  title     = {Effective Unit Testing},
  publisher = {Manning},
  year      = {2013}
}

@online{memcached-docs,
  title   = {Memcached},
  url     = {https://memcached.org/},
  urldate = {2025-08-27}
}
@online{redis-docs,
  title   = {Redis Documentation},
  url     = {https://redis.io/docs/},
  urldate = {2025-08-27}
}
@online{ignite-docs,
  title   = {Apache Ignite Documentation},
  url     = {https://ignite.apache.org/docs},
  urldate = {2025-08-27}
}